<record><leader>00000cas a22000007a 4500</leader><controlfield tag="001">35796247</controlfield><controlfield tag="008">961026d1901190uokudn n       0    0eng d</controlfield><datafield ind1=" " ind2=" " tag="010"><subfield code="a">sn 96093106 </subfield></datafield><datafield ind1=" " ind2=" " tag="040"><subfield code="a">OBN</subfield><subfield code="b">eng</subfield><subfield code="c">OBN</subfield><subfield code="d">OCLCQ</subfield><subfield code="d">OCLCF</subfield><subfield code="d">OCLCO</subfield></datafield><datafield ind1="1" ind2=" " tag="029"><subfield code="a">AU@</subfield><subfield code="b">000012911346</subfield></datafield><datafield ind1=" " ind2=" " tag="042"><subfield code="a">msc</subfield></datafield><datafield ind1=" " ind2=" " tag="043"><subfield code="a">n-us-ok</subfield></datafield><datafield ind1="0" ind2=" " tag="130"><subfield code="a">Alva daily pioneer (Alva, Okla. : 1901)</subfield></datafield><datafield ind1="1" ind2="0" tag="245"><subfield code="a">Alva daily pioneer.</subfield></datafield><datafield ind1="3" ind2=" " tag="246"><subfield code="a">Daily pioneer</subfield></datafield><datafield ind1=" " ind2=" " tag="260"><subfield code="a">Alva, Okla. :</subfield><subfield code="b">W.F. Hatfield</subfield></datafield><datafield ind1=" " ind2=" " tag="300"><subfield code="a">v.</subfield></datafield><datafield ind1=" " ind2=" " tag="310"><subfield code="a">Daily (except Sun.)</subfield></datafield><datafield ind1="1" ind2=" " tag="362"><subfield code="a">Began June 24, 1901.</subfield></datafield><datafield ind1=" " ind2=" " tag="580"><subfield code="a">Weekly eds.: Alva weekly pioneer, Aug. 23, 1901-Aug. 27, 1909, and: Alva pioneer (Alva, Okla. : 1909), Sep. 3, 1909-July 7, 1911.</subfield></datafield><datafield ind1=" " ind2=" " tag="588"><subfield code="a">Description based on: Vol. 3, no. 38 (July 25, 1903).</subfield></datafield><datafield ind1=" " ind2="0" tag="651"><subfield code="a">Alva (Okla.)</subfield><subfield code="v">Newspapers.</subfield></datafield><datafield ind1=" " ind2="0" tag="651"><subfield code="a">Woods County (Okla.)</subfield><subfield code="v">Newspapers.</subfield></datafield><datafield ind1=" " ind2="7" tag="655"><subfield code="a">Newspapers.</subfield><subfield code="2">fast</subfield><subfield code="0">(OCoLC)fst01423814</subfield></datafield><datafield ind1=" " ind2="7" tag="651"><subfield code="a">Oklahoma</subfield><subfield code="z">Alva.</subfield><subfield code="2">fast</subfield><subfield code="0">(OCoLC)fst01220625</subfield></datafield><datafield ind1=" " ind2="7" tag="651"><subfield code="a">Oklahoma</subfield><subfield code="z">Woods County.</subfield><subfield code="2">fast</subfield><subfield code="0">(OCoLC)fst01259728</subfield></datafield><datafield ind1=" " ind2=" " tag="752"><subfield code="a">United States</subfield><subfield code="b">Oklahoma</subfield><subfield code="c">Woods</subfield><subfield code="d">Alva.</subfield></datafield><datafield ind1="0" ind2=" " tag="775"><subfield code="t">Alva weekly pioneer</subfield><subfield code="w">(DLC)sn 96093093</subfield><subfield code="w">(OCoLC)35786965</subfield></datafield><datafield ind1="0" ind2=" " tag="775"><subfield code="t">Alva pioneer (Alva, Okla. : 1909)</subfield><subfield code="w">(DLC)sn 96093094</subfield><subfield code="w">(OCoLC)35787028</subfield></datafield><datafield ind1="0" ind2="0" tag="785"><subfield code="t">Daily pioneer (Alva, Okla.)</subfield><subfield code="w">(DLC)sn 96093082</subfield><subfield code="w">(OCoLC)35758421</subfield></datafield></record>